@misc{Wikipedia,
       author = "Various",
       title = "www.wikipedia.com",},

@misc{Cornell University,
       author = "Wesley Cao",
       title = "http://www.math.cornell.edu/~templier/junior/final_paper/Wesley_Cao-vanderpol.pdf",},


